%							%
%							%
%							%
%      Literaturquellen		%
%							%
%							%


@online{multilabel-classification,
    author    = {Gupta, Mehul},
    title     = {Multi-label classification for beginners with codes},
    year      = {2023},
    url       = {https://medium.com/data-science-in-your-pocket/multi-label-classification-for-beginners-with-codes-6b098cc76f99},
    note      = {Zugegriffen am: 30.07.2024}
}

@online{stm32-cube-ai-documentation,
    author    = {STMicroelectronics},
    title     = {How to perform motion sensing on STM32L4 IoTnode},
    year      = {2022},
    url       = {https://wiki.st.com/stm32mcu/wiki/AI:How_to_perform_motion_sensing_on_STM32L4_IoTnode#Create_an_STM32Cube-AI_application_using_X-CUBE-AI},
    note      = {Zugegriffen am: 30.07.2024}
}

@online{neural-network-basics,
    author    = {Montesinos-LÃ³pez, O. A. and Crossa, J.},
    title     = {Multivariate Statistical Machine Learning Methods for Genomic Prediction},
    year      = {2022},
    url       = {https://www.ncbi.nlm.nih.gov/books/NBK583971/},
    note      = {Zugegriffen am: 30.07.2024}
}

@online{wav-contains-pcm-data,
    author    = {Kebal, Peter},
    title     = {Audio File Format Specifications},
    year      = {2022},
    url       = {https://www.mmsp.ece.mcgill.ca/Documents/AudioFormats/WAVE/WAVE.html},
    note      = {Zugegriffen am: 30.07.2024}
}

@online{wav-popular-file-format-music-industry,
    author    = {Berry, Gus and Boutillette, Lo},
    title     = {The best audio format types for audiophiles},
    year      = {2024},
    url       = {https://www.adobe.com/creativecloud/video/discover/best-audio-format.html},
    note      = {Zugegriffen am: 30.07.2024}
}

@online{wav-pcm-data,
    author    = {Garg, Vijay K.},
    title     = {An Overview of Digital Communication and Transmission},
    year      = {2007},
    url       = {https://www.sciencedirect.com/topics/engineering/pulse-code-modulation},
    note      = {Zugegriffen am: 30.07.2024}
}

@online{nyquist,
    author    = {Nyquist, H.},
    title     = {Certain Topics in Telegraph Transmission Theory},
    year      = {1928},
    url       = {https://bayes.wustl.edu/Manual/CertainTopicsInTelegraphTransmissionTheory.pdf},
    note      = {Zugegriffen am: 30.07.2024}
}

@online{how-cnn-work,
    author    = {MathWorks},
    title     = {Die Funktionsweise von CNNs},
    url       = {https://de.mathworks.com/discovery/convolutional-neural-network.html},
    note      = {Zugegriffen am: 30.07.2024}
}

@online{mel-spectrogram,
    author    = {Roberts, Leland},
    title     = {Understanding the Mel Spectrogram},
	year      = {2020},
    url       = {https://medium.com/analytics-vidhya/understanding-the-mel-spectrogram-fca2afa2ce53},
    note      = {Zugegriffen am: 30.07.2024}
}

@online{stm-asc,
    author    = {STMicroelectronics},
    title     = {Acoustic scene classification},
    url       = {https://www.st.com/content/st_com/en/st-edge-ai-suite/case-studies/acoustic-scene-classification.html},
    note      = {Zugegriffen am: 30.07.2024}
}

@online{stm-asc-2,
    author    = {STMicroelectronics},
    title     = {Audio scene classification using machine learning on STM32},
    url       = {https://www.st.com/en/solutions-reference-designs/sl-auaid011501v1.html},
    note      = {Zugegriffen am: 30.07.2024}
}

@online{fp-ai-sensing1,
    author    = {STMicroelectronics},
    title     = {STM32Cube function pack for ultra-low power IoT node with artificial intelligence (AI) application based on audio and motion sensing},
    url       = {https://www.st.com/en/embedded-software/fp-ai-sensing1.html},
    note      = {Zugegriffen am: 03.08.2024}
}

@online{nn-imbalance-input-data,
    title 		= {A neural network learning algorithm for highly imbalanced data classification},
	journal 		= {Information Sciences},
	volume 		= {612},
	pages 		= {496-513},
	year 		= {2022},
	issn 		= {0020-0255},
	doi 		= {https://doi.org/10.1016/j.ins.2022.08.074},
	url 		= {https://www.sciencedirect.com/science/article/pii/S0020025522009847},
	author 		= {Zhan ao Huang and Yongsheng Sang and Yanan Sun and Jiancheng Lv},
	note      	= {Zugegriffen am: 30.07.2024}
}

@online{ml-standardization-reason,
    author    = {Tirawi, Aryan},
    year	  = {2023},
    title     = {The Crucial Role of Normalization and Standardization in Enhancing Machine Learning Models},
    url       = {https://medium.com/@aryantiwari7777/the-crucial-role-of-normalization-and-standardization-in-enhancing-machine-learning-models-71afa24a79a},
    note      = {Zugegriffen am: 03.08.2024}
}

@online{ml-data-splitting-reason,
    author    = {Gillis, Alexander S.},
    year	  = {2023},
    title     = {Definition: data splitting},
    url       = {https://www.techtarget.com/searchenterpriseai/definition/data-splitting#:~:text=In%20machine%20learning%2C%20data%20splitting,into%20three%20or%20four%20sets},
    note      = {Zugegriffen am: 03.08.2024}
}

@online{cnn-relu-sigmoid,
    author    = {Thakur, Ayush},
    title     = {ReLU vs. Sigmoid Function in Deep Neural Networks},
    year	  = {2022},
    url       = {https://wandb.ai/ayush-thakur/dl-question-bank/reports/ReLU-vs-Sigmoid-Function-in-Deep-Neural-Networks--VmlldzoyMDk0MzI},
    note      = {Zugegriffen am: 03.08.2024}
}

@online{tflite-file,
    author    = {EITCA},
    title     = {What are the different formats of the model file in TensorFlow Lite and what information do they contain?},
    year	  = {2023}
    url       = {https://eitca.org/artificial-intelligence/eitc-ai-tff-tensorflow-fundamentals/programming-tensorflow/introducing-tensorflow-lite/examination-review-introducing-tensorflow-lite/what-are-the-different-formats-of-the-model-file-in-tensorflow-lite-and-what-information-do-they-contain/#:~:text=tflite)%2C%20TensorFlow%20Lite%20model%20format,on%20mobile%20and%20embedded%20devices.},
    note      = {Zugegriffen am: 03.08.2024}
}

%							%
%							%
%							%
%        Bildquellen			%
%							%
%							%

@online{cite-img-spectrogram,
    author    = {HuggingFace},
    title     = {Audio Course, Kapitel ``Introduction to audio data``},
    url       = {https://huggingface.co/learn/audio-course/chapter1/audio_data},
    note      = {Zugegriffen am: 03.08.2024}
}
